@Book{Ashrae2005,
author = {Ashrae},
title = {Handbook of Fundamentals},
publisher = {Atlanta: American Society of Heating, Refrigerating and Air Conditioning Engineers},
year = {2005},
}
@InProceedings{Mawdesley2004,
author = {Mawdesley, M.J. and Long, G. and Al-Jibouri, S.},
title = {Simulation and games to improve construction productivity},
booktitle = {Interbuild 11th International Conference, 2004, Cairo, Egypt},
year = {2004}
}
@Book{hofem_script,
author = {Alexander Duester},
title = {Higher Order FEM},
year = {2011}
}